@incollection{Cun:1990:OBD:109230.109298,
 author = {Cun, Yann Le and Denker, John S. and Solla, Sara A.},
 chapter = {Optimal Brain Damage},
 title = {Advances in Neural Information Processing Systems 2},
 editor = {Touretzky, David S.},
 year = {1990},
 isbn = {1-55860-100-7},
 pages = {598--605},
 numpages = {8},
 url = {http://dl.acm.org/citation.cfm?id=109230.109298},
 acmid = {109298},
 publisher = {Morgan Kaufmann Publishers Inc.},
 address = {San Francisco, CA, USA}
} 

@misc{TFLite,
  title = {{Tensorflow Lite} },
  howpublished = {\url{https://www.tensorflow.org/lite}},
  note = {Accessed: 2019-07-19}
}            

@misc{ARMNN,
  title = {{ARM NN} },
  howpublished = {\url{https://developer.arm.com/ip-products/processors/machine-learning/arm-nn}},
  note = {Accessed: 2019-07-19}
}     

@misc{TensorRT,
  title = {{NVIDIA} Tensor RT },
  howpublished = {\url{https://developer.nvidia.com/tensorrt}},
  note = {Accessed: 2019-07-19}
}     

@misc{uTensor,
	title = {{uTensor}},
	howpublished = {\url{https://github.com/uTensor/uTensor}},
	note = {Accessed: 2020-04-20}
}     
